%YAML 1.1
%TAG !u! tag:unity3d.com,2011:
--- !u!1 &6132962460355291745
GameObject:
  m_ObjectHideFlags: 0
  m_CorrespondingSourceObject: {fileID: 0}
  m_PrefabInstance: {fileID: 0}
  m_PrefabAsset: {fileID: 0}
  serializedVersion: 6
  m_Component:
  - component: {fileID: 6132962460355291744}
  - component: {fileID: 6132962460355291746}
  - component: {fileID: 6132962460355291747}
  m_Layer: 5
  m_Name: Text
  m_TagString: Untagged
  m_Icon: {fileID: 0}
  m_NavMeshLayer: 0
  m_StaticEditorFlags: 0
  m_IsActive: 1
--- !u!224 &6132962460355291744
RectTransform:
  m_ObjectHideFlags: 0
  m_CorrespondingSourceObject: {fileID: 0}
  m_PrefabInstance: {fileID: 0}
  m_PrefabAsset: {fileID: 0}
  m_GameObject: {fileID: 6132962460355291745}
  m_LocalRotation: {x: -0, y: -0, z: -0, w: 1}
  m_LocalPosition: {x: 0, y: 0, z: 0}
  m_LocalScale: {x: 1.4627831, y: 1.4627831, z: 1.4627831}
  m_Children: []
  m_Father: {fileID: 6132962460375808321}
  m_RootOrder: 0
  m_LocalEulerAnglesHint: {x: 0, y: 0, z: 0}
  m_AnchorMin: {x: 0, y: 0}
  m_AnchorMax: {x: 1, y: 1}
  m_AnchoredPosition: {x: 0.0030212402, y: 0.099998474}
  m_SizeDelta: {x: -217.9, y: -101.3}
  m_Pivot: {x: 0.5, y: 0.5}
--- !u!222 &6132962460355291746
CanvasRenderer:
  m_ObjectHideFlags: 0
  m_CorrespondingSourceObject: {fileID: 0}
  m_PrefabInstance: {fileID: 0}
  m_PrefabAsset: {fileID: 0}
  m_GameObject: {fileID: 6132962460355291745}
  m_CullTransparentMesh: 0
--- !u!114 &6132962460355291747
MonoBehaviour:
  m_ObjectHideFlags: 0
  m_CorrespondingSourceObject: {fileID: 0}
  m_PrefabInstance: {fileID: 0}
  m_PrefabAsset: {fileID: 0}
  m_GameObject: {fileID: 6132962460355291745}
  m_Enabled: 1
  m_EditorHideFlags: 0
  m_Script: {fileID: 11500000, guid: f4688fdb7df04437aeb418b961361dc5, type: 3}
  m_Name: 
  m_EditorClassIdentifier: 
  m_Material: {fileID: 0}
  m_Color: {r: 1, g: 1, b: 1, a: 1}
  m_RaycastTarget: 1
  m_OnCullStateChanged:
    m_PersistentCalls:
      m_Calls: []
  m_text: You lose
  m_isRightToLeft: 0
  m_fontAsset: {fileID: 11400000, guid: e877f134e4896a249934ad13637bfedf, type: 2}
  m_sharedMaterial: {fileID: -815530770133522777, guid: e877f134e4896a249934ad13637bfedf,
    type: 2}
  m_fontSharedMaterials: []
  m_fontMaterial: {fileID: 0}
  m_fontMaterials: []
  m_fontColor32:
    serializedVersion: 2
    rgba: 4294967295
  m_fontColor: {r: 1, g: 1, b: 1, a: 1}
  m_enableVertexGradient: 0
  m_colorMode: 3
  m_fontColorGradient:
    topLeft: {r: 1, g: 1, b: 1, a: 1}
    topRight: {r: 1, g: 1, b: 1, a: 1}
    bottomLeft: {r: 1, g: 1, b: 1, a: 1}
    bottomRight: {r: 1, g: 1, b: 1, a: 1}
  m_fontColorGradientPreset: {fileID: 0}
  m_spriteAsset: {fileID: 0}
  m_tintAllSprites: 0
  m_overrideHtmlColors: 0
  m_faceColor:
    serializedVersion: 2
    rgba: 4294967295
  m_outlineColor:
    serializedVersion: 2
    rgba: 4278190080
  m_fontSize: 68.7
  m_fontSizeBase: 36
  m_fontWeight: 400
  m_enableAutoSizing: 1
  m_fontSizeMin: 18
  m_fontSizeMax: 118.8
  m_fontStyle: 0
  m_textAlignment: 258
  m_characterSpacing: 0
  m_wordSpacing: 0
  m_lineSpacing: 0
  m_lineSpacingMax: 0
  m_paragraphSpacing: 0
  m_charWidthMaxAdj: 0
  m_enableWordWrapping: 1
  m_wordWrappingRatios: 0.4
  m_overflowMode: 0
  m_firstOverflowCharacterIndex: -1
  m_linkedTextComponent: {fileID: 0}
  m_isLinkedTextComponent: 0
  m_isTextTruncated: 0
  m_enableKerning: 1
  m_enableExtraPadding: 0
  checkPaddingRequired: 0
  m_isRichText: 1
  m_parseCtrlCharacters: 1
  m_isOrthographic: 1
  m_isCullingEnabled: 0
  m_ignoreRectMaskCulling: 0
  m_ignoreCulling: 1
  m_horizontalMapping: 0
  m_verticalMapping: 0
  m_uvLineOffset: 0
  m_geometrySortingOrder: 0
  m_VertexBufferAutoSizeReduction: 1
  m_firstVisibleCharacter: 0
  m_useMaxVisibleDescender: 1
  m_pageToDisplay: 1
  m_margin: {x: 0, y: 0, z: 0, w: 0}
  m_textInfo:
    textComponent: {fileID: 6132962460355291747}
    characterCount: 8
    spriteCount: 0
    spaceCount: 1
    wordCount: 2
    linkCount: 0
    lineCount: 1
    pageCount: 1
    materialCount: 1
  m_isUsingLegacyAnimationComponent: 0
  m_isVolumetricText: 0
  m_spriteAnimator: {fileID: 0}
  m_hasFontAssetChanged: 0
  m_subTextObjects:
  - {fileID: 0}
  - {fileID: 0}
  - {fileID: 0}
  - {fileID: 0}
  - {fileID: 0}
  - {fileID: 0}
  - {fileID: 0}
  - {fileID: 0}
  m_baseMaterial: {fileID: 0}
  m_maskOffset: {x: 0, y: 0, z: 0, w: 0}
--- !u!1 &6132962460375808326
GameObject:
  m_ObjectHideFlags: 0
  m_CorrespondingSourceObject: {fileID: 0}
  m_PrefabInstance: {fileID: 0}
  m_PrefabAsset: {fileID: 0}
  serializedVersion: 6
  m_Component:
  - component: {fileID: 6132962460375808321}
  - component: {fileID: 6132962460375808323}
  - component: {fileID: 6132962460375808320}
  m_Layer: 5
  m_Name: Header
  m_TagString: Untagged
  m_Icon: {fileID: 0}
  m_NavMeshLayer: 0
  m_StaticEditorFlags: 0
  m_IsActive: 1
--- !u!224 &6132962460375808321
RectTransform:
  m_ObjectHideFlags: 0
  m_CorrespondingSourceObject: {fileID: 0}
  m_PrefabInstance: {fileID: 0}
  m_PrefabAsset: {fileID: 0}
  m_GameObject: {fileID: 6132962460375808326}
  m_LocalRotation: {x: -0, y: -0, z: -0, w: 1}
  m_LocalPosition: {x: 0, y: 0, z: 0}
  m_LocalScale: {x: 0.5752995, y: 0.5752995, z: 0.5752995}
  m_Children:
  - {fileID: 6132962460355291744}
  m_Father: {fileID: 6132962460661153810}
  m_RootOrder: 3
  m_LocalEulerAnglesHint: {x: 0, y: 0, z: 0}
  m_AnchorMin: {x: 0, y: 0}
  m_AnchorMax: {x: 1, y: 1}
  m_AnchoredPosition: {x: -0.0012207031, y: 226}
  m_SizeDelta: {x: -22.5, y: -386.8}
  m_Pivot: {x: 0.5, y: 0.5}
--- !u!222 &6132962460375808323
CanvasRenderer:
  m_ObjectHideFlags: 0
  m_CorrespondingSourceObject: {fileID: 0}
  m_PrefabInstance: {fileID: 0}
  m_PrefabAsset: {fileID: 0}
  m_GameObject: {fileID: 6132962460375808326}
  m_CullTransparentMesh: 0
--- !u!114 &6132962460375808320
MonoBehaviour:
  m_ObjectHideFlags: 0
  m_CorrespondingSourceObject: {fileID: 0}
  m_PrefabInstance: {fileID: 0}
  m_PrefabAsset: {fileID: 0}
  m_GameObject: {fileID: 6132962460375808326}
  m_Enabled: 1
  m_EditorHideFlags: 0
  m_Script: {fileID: 11500000, guid: fe87c0e1cc204ed48ad3b37840f39efc, type: 3}
  m_Name: 
  m_EditorClassIdentifier: 
  m_Material: {fileID: 0}
  m_Color: {r: 1, g: 1, b: 1, a: 1}
  m_RaycastTarget: 1
  m_OnCullStateChanged:
    m_PersistentCalls:
      m_Calls: []
  m_Sprite: {fileID: 21300000, guid: 054411784c3fdf74d9db120b4a792a71, type: 3}
  m_Type: 0
  m_PreserveAspect: 1
  m_FillCenter: 1
  m_FillMethod: 4
  m_FillAmount: 1
  m_FillClockwise: 1
  m_FillOrigin: 0
  m_UseSpriteMesh: 0
  m_PixelsPerUnitMultiplier: 1
--- !u!1 &6132962460393237511
GameObject:
  m_ObjectHideFlags: 0
  m_CorrespondingSourceObject: {fileID: 0}
  m_PrefabInstance: {fileID: 0}
  m_PrefabAsset: {fileID: 0}
  serializedVersion: 6
  m_Component:
  - component: {fileID: 6132962460393237510}
  - component: {fileID: 6132962460393237504}
  - component: {fileID: 6132962460393237505}
  m_Layer: 5
  m_Name: Image BG 2
  m_TagString: Untagged
  m_Icon: {fileID: 0}
  m_NavMeshLayer: 0
  m_StaticEditorFlags: 0
  m_IsActive: 1
--- !u!224 &6132962460393237510
RectTransform:
  m_ObjectHideFlags: 0
  m_CorrespondingSourceObject: {fileID: 0}
  m_PrefabInstance: {fileID: 0}
  m_PrefabAsset: {fileID: 0}
  m_GameObject: {fileID: 6132962460393237511}
  m_LocalRotation: {x: -0, y: -0, z: -0, w: 1}
  m_LocalPosition: {x: 0, y: 0, z: 0}
  m_LocalScale: {x: 0.9341401, y: 0.9341401, z: 0.9341401}
  m_Children: []
  m_Father: {fileID: 6132962460661153810}
  m_RootOrder: 1
  m_LocalEulerAnglesHint: {x: 0, y: 0, z: 0}
  m_AnchorMin: {x: 0, y: 0}
  m_AnchorMax: {x: 1, y: 1}
  m_AnchoredPosition: {x: -0.0012207031, y: 90.5}
  m_SizeDelta: {x: -22.5, y: -274.5}
  m_Pivot: {x: 0.5, y: 0.5}
--- !u!222 &6132962460393237504
CanvasRenderer:
  m_ObjectHideFlags: 0
  m_CorrespondingSourceObject: {fileID: 0}
  m_PrefabInstance: {fileID: 0}
  m_PrefabAsset: {fileID: 0}
  m_GameObject: {fileID: 6132962460393237511}
  m_CullTransparentMesh: 0
--- !u!114 &6132962460393237505
MonoBehaviour:
  m_ObjectHideFlags: 0
  m_CorrespondingSourceObject: {fileID: 0}
  m_PrefabInstance: {fileID: 0}
  m_PrefabAsset: {fileID: 0}
  m_GameObject: {fileID: 6132962460393237511}
  m_Enabled: 1
  m_EditorHideFlags: 0
  m_Script: {fileID: 11500000, guid: fe87c0e1cc204ed48ad3b37840f39efc, type: 3}
  m_Name: 
  m_EditorClassIdentifier: 
  m_Material: {fileID: 0}
  m_Color: {r: 1, g: 1, b: 1, a: 1}
  m_RaycastTarget: 1
  m_OnCullStateChanged:
    m_PersistentCalls:
      m_Calls: []
  m_Sprite: {fileID: 21300000, guid: cf1462bc694c3c249831ad8ac5293aa2, type: 3}
  m_Type: 0
  m_PreserveAspect: 0
  m_FillCenter: 1
  m_FillMethod: 4
  m_FillAmount: 1
  m_FillClockwise: 1
  m_FillOrigin: 0
  m_UseSpriteMesh: 0
  m_PixelsPerUnitMultiplier: 1
--- !u!1 &6132962460659581467
GameObject:
  m_ObjectHideFlags: 0
  m_CorrespondingSourceObject: {fileID: 0}
  m_PrefabInstance: {fileID: 0}
  m_PrefabAsset: {fileID: 0}
  serializedVersion: 6
  m_Component:
  - component: {fileID: 6132962460659581466}
  - component: {fileID: 6132962460659581460}
  - component: {fileID: 6132962460659581461}
  m_Layer: 5
  m_Name: Image BG 1
  m_TagString: Untagged
  m_Icon: {fileID: 0}
  m_NavMeshLayer: 0
  m_StaticEditorFlags: 0
  m_IsActive: 1
--- !u!224 &6132962460659581466
RectTransform:
  m_ObjectHideFlags: 0
  m_CorrespondingSourceObject: {fileID: 0}
  m_PrefabInstance: {fileID: 0}
  m_PrefabAsset: {fileID: 0}
  m_GameObject: {fileID: 6132962460659581467}
  m_LocalRotation: {x: -0, y: -0, z: -0, w: 1}
  m_LocalPosition: {x: 0, y: 0, z: 0}
  m_LocalScale: {x: 1, y: 1, z: 1}
  m_Children: []
  m_Father: {fileID: 6132962460661153810}
  m_RootOrder: 0
  m_LocalEulerAnglesHint: {x: 0, y: 0, z: 0}
  m_AnchorMin: {x: 0, y: 0}
  m_AnchorMax: {x: 1, y: 1}
  m_AnchoredPosition: {x: -0.0012207031, y: 38.2}
  m_SizeDelta: {x: -22.5, y: -129.1}
  m_Pivot: {x: 0.5, y: 0.5}
--- !u!222 &6132962460659581460
CanvasRenderer:
  m_ObjectHideFlags: 0
  m_CorrespondingSourceObject: {fileID: 0}
  m_PrefabInstance: {fileID: 0}
  m_PrefabAsset: {fileID: 0}
  m_GameObject: {fileID: 6132962460659581467}
  m_CullTransparentMesh: 0
--- !u!114 &6132962460659581461
MonoBehaviour:
  m_ObjectHideFlags: 0
  m_CorrespondingSourceObject: {fileID: 0}
  m_PrefabInstance: {fileID: 0}
  m_PrefabAsset: {fileID: 0}
  m_GameObject: {fileID: 6132962460659581467}
  m_Enabled: 1
  m_EditorHideFlags: 0
  m_Script: {fileID: 11500000, guid: fe87c0e1cc204ed48ad3b37840f39efc, type: 3}
  m_Name: 
  m_EditorClassIdentifier: 
  m_Material: {fileID: 0}
  m_Color: {r: 1, g: 1, b: 1, a: 1}
  m_RaycastTarget: 1
  m_OnCullStateChanged:
    m_PersistentCalls:
      m_Calls: []
  m_Sprite: {fileID: 21300000, guid: 9a6560e5bacb40847bb1b879ede354fb, type: 3}
  m_Type: 0
  m_PreserveAspect: 0
  m_FillCenter: 1
  m_FillMethod: 4
  m_FillAmount: 1
  m_FillClockwise: 1
  m_FillOrigin: 0
  m_UseSpriteMesh: 0
  m_PixelsPerUnitMultiplier: 1
--- !u!1 &6132962460661153811
GameObject:
  m_ObjectHideFlags: 0
  m_CorrespondingSourceObject: {fileID: 0}
  m_PrefabInstance: {fileID: 0}
  m_PrefabAsset: {fileID: 0}
  serializedVersion: 6
  m_Component:
  - component: {fileID: 6132962460661153810}
  - component: {fileID: 4934209199267698107}
  - component: {fileID: 4823488453058851461}
  - component: {fileID: 1421220812221140904}
  m_Layer: 5
  m_Name: Panel Lose
  m_TagString: Untagged
  m_Icon: {fileID: 0}
  m_NavMeshLayer: 0
  m_StaticEditorFlags: 0
  m_IsActive: 1
--- !u!224 &6132962460661153810
RectTransform:
  m_ObjectHideFlags: 0
  m_CorrespondingSourceObject: {fileID: 0}
  m_PrefabInstance: {fileID: 0}
  m_PrefabAsset: {fileID: 0}
  m_GameObject: {fileID: 6132962460661153811}
  m_LocalRotation: {x: 0, y: 0, z: 0, w: 1}
  m_LocalPosition: {x: 0, y: 0, z: 0}
  m_LocalScale: {x: 1.1883, y: 1.1883, z: 1.1883}
  m_Children:
  - {fileID: 6132962460659581466}
  - {fileID: 6132962460393237510}
  - {fileID: 6132962461006842992}
  - {fileID: 6132962460375808321}
  - {fileID: 6132962460022233225}
  - {fileID: 3607112315026574958}
  m_Father: {fileID: 0}
  m_RootOrder: 0
  m_LocalEulerAnglesHint: {x: 0, y: 0, z: 0}
  m_AnchorMin: {x: 0.5, y: 0.5}
  m_AnchorMax: {x: 0.5, y: 0.5}
  m_AnchoredPosition: {x: 0, y: 0}
  m_SizeDelta: {x: 711.1, y: 556.8}
  m_Pivot: {x: 0.5, y: 0.5}
--- !u!95 &4934209199267698107
Animator:
  serializedVersion: 3
  m_ObjectHideFlags: 0
  m_CorrespondingSourceObject: {fileID: 0}
  m_PrefabInstance: {fileID: 0}
  m_PrefabAsset: {fileID: 0}
  m_GameObject: {fileID: 6132962460661153811}
  m_Enabled: 1
  m_Avatar: {fileID: 0}
  m_Controller: {fileID: 9100000, guid: eab985f19078384429efb72a74f161d3, type: 2}
  m_CullingMode: 0
  m_UpdateMode: 0
  m_ApplyRootMotion: 0
  m_LinearVelocityBlending: 0
  m_WarningMessage: 
  m_HasTransformHierarchy: 1
  m_AllowConstantClipSamplingOptimization: 1
  m_KeepAnimatorControllerStateOnDisable: 0
--- !u!225 &4823488453058851461
CanvasGroup:
  m_ObjectHideFlags: 0
  m_CorrespondingSourceObject: {fileID: 0}
  m_PrefabInstance: {fileID: 0}
  m_PrefabAsset: {fileID: 0}
  m_GameObject: {fileID: 6132962460661153811}
  m_Enabled: 1
  m_Alpha: 1
  m_Interactable: 1
  m_BlocksRaycasts: 1
  m_IgnoreParentGroups: 0
--- !u!114 &1421220812221140904
MonoBehaviour:
  m_ObjectHideFlags: 0
  m_CorrespondingSourceObject: {fileID: 0}
  m_PrefabInstance: {fileID: 0}
  m_PrefabAsset: {fileID: 0}
  m_GameObject: {fileID: 6132962460661153811}
  m_Enabled: 1
  m_EditorHideFlags: 0
  m_Script: {fileID: 11500000, guid: f67ab4521163305479f56590bf8ef1c1, type: 3}
  m_Name: 
  m_EditorClassIdentifier: 
  animator: {fileID: 4934209199267698107}
  OnPanelOpen:
    Events:
    - unityReferences:
      - {fileID: 1421220812221140904}
      bytes: 042f00000000002d0000004265747465724576656e74456e7472792b4f64696e53657269616c697a6564446174612c2041534d2d526f6f7401000800000044656c65676174652f01000000005c00000053797374656d2e416374696f6e60315b5b546573742e4d617468334c696b652e536f757263652e4d6f6e6f50616e656c2b466164654d6f64652c20546573742e4d617468334c696b652e536f757263655d5d2c206d73636f726c6962000000000b00060000007461726765740000000001000d0000006465636c6172696e67547970652f02000000001c00000053797374656d2e52756e74696d65547970652c206d73636f726c696201000000280036000000546573742e4d617468334c696b652e536f757263652e4d6f6e6f50616e656c2c20546573742e4d617468334c696b652e536f757263650527000a0000006d6574686f644e616d65000900000050616e656c4661646501000c00000064656c65676174655479706530020000000200000028005c00000053797374656d2e416374696f6e60315b5b546573742e4d617468334c696b652e536f757263652e4d6f6e6f50616e656c2b466164654d6f64652c20546573742e4d617468334c696b652e536f757263655d5d2c206d73636f726c6962050100090000007369676e61747572652f03000000001700000053797374656d2e547970655b5d2c206d73636f726c6962030000000601000000000000000230020000000400000028003f000000546573742e4d617468334c696b652e536f757263652e4d6f6e6f50616e656c2b466164654d6f64652c20546573742e4d617468334c696b652e536f757263650507050501000f000000506172616d6574657256616c7565732f04000000001900000053797374656d2e4f626a6563745b5d2c206d73636f726c696205000000060100000000000000022f05000000003f000000546573742e4d617468334c696b652e536f757263652e4d6f6e6f50616e656c2b466164654d6f64652c20546573742e4d617468334c696b652e536f75726365060000001e000000000000000005070505
  OnPanelClose:
    Events:
    - unityReferences:
      - {fileID: 1421220812221140904}
      bytes: 042f00000000002d0000004265747465724576656e74456e7472792b4f64696e53657269616c697a6564446174612c2041534d2d526f6f7401000800000044656c65676174652f01000000005c00000053797374656d2e416374696f6e60315b5b546573742e4d617468334c696b652e536f757263652e4d6f6e6f50616e656c2b466164654d6f64652c20546573742e4d617468334c696b652e536f757263655d5d2c206d73636f726c6962000000000b00060000007461726765740000000001000d0000006465636c6172696e67547970652f02000000001c00000053797374656d2e52756e74696d65547970652c206d73636f726c696201000000280036000000546573742e4d617468334c696b652e536f757263652e4d6f6e6f50616e656c2c20546573742e4d617468334c696b652e536f757263650527000a0000006d6574686f644e616d65000900000050616e656c4661646501000c00000064656c65676174655479706530020000000200000028005c00000053797374656d2e416374696f6e60315b5b546573742e4d617468334c696b652e536f757263652e4d6f6e6f50616e656c2b466164654d6f64652c20546573742e4d617468334c696b652e536f757263655d5d2c206d73636f726c6962050100090000007369676e61747572652f03000000001700000053797374656d2e547970655b5d2c206d73636f726c6962030000000601000000000000000230020000000400000028003f000000546573742e4d617468334c696b652e536f757263652e4d6f6e6f50616e656c2b466164654d6f64652c20546573742e4d617468334c696b652e536f757263650507050501000f000000506172616d6574657256616c7565732f04000000001900000053797374656d2e4f626a6563745b5d2c206d73636f726c696205000000060100000000000000022f05000000003f000000546573742e4d617468334c696b652e536f757263652e4d6f6e6f50616e656c2b466164654d6f64652c20546573742e4d617468334c696b652e536f75726365060000001e010000000000000005070505
  panelFadeIn: Panel In
  panelFadeOut: Panel Out
--- !u!1 &6132962461006842993
GameObject:
  m_ObjectHideFlags: 0
  m_CorrespondingSourceObject: {fileID: 0}
  m_PrefabInstance: {fileID: 0}
  m_PrefabAsset: {fileID: 0}
  serializedVersion: 6
  m_Component:
  - component: {fileID: 6132962461006842992}
  - component: {fileID: 6132962461006842994}
  - component: {fileID: 6132962461006842995}
  m_Layer: 5
  m_Name: Text
  m_TagString: Untagged
  m_Icon: {fileID: 0}
  m_NavMeshLayer: 0
  m_StaticEditorFlags: 0
  m_IsActive: 1
--- !u!224 &6132962461006842992
RectTransform:
  m_ObjectHideFlags: 0
  m_CorrespondingSourceObject: {fileID: 0}
  m_PrefabInstance: {fileID: 0}
  m_PrefabAsset: {fileID: 0}
  m_GameObject: {fileID: 6132962461006842993}
  m_LocalRotation: {x: -0, y: -0, z: -0, w: 1}
  m_LocalPosition: {x: 0, y: 0, z: 0}
  m_LocalScale: {x: 0.84153837, y: 0.84153837, z: 0.84153837}
  m_Children: []
  m_Father: {fileID: 6132962460661153810}
  m_RootOrder: 2
  m_LocalEulerAnglesHint: {x: 0, y: 0, z: 0}
  m_AnchorMin: {x: 0, y: 0}
  m_AnchorMax: {x: 1, y: 1}
  m_AnchoredPosition: {x: 0.1000061, y: 66}
  m_SizeDelta: {x: -22.2, y: -292.8}
  m_Pivot: {x: 0.5, y: 0.5}
--- !u!222 &6132962461006842994
CanvasRenderer:
  m_ObjectHideFlags: 0
  m_CorrespondingSourceObject: {fileID: 0}
  m_PrefabInstance: {fileID: 0}
  m_PrefabAsset: {fileID: 0}
  m_GameObject: {fileID: 6132962461006842993}
  m_CullTransparentMesh: 0
--- !u!114 &6132962461006842995
MonoBehaviour:
  m_ObjectHideFlags: 0
  m_CorrespondingSourceObject: {fileID: 0}
  m_PrefabInstance: {fileID: 0}
  m_PrefabAsset: {fileID: 0}
  m_GameObject: {fileID: 6132962461006842993}
  m_Enabled: 1
  m_EditorHideFlags: 0
  m_Script: {fileID: 11500000, guid: f4688fdb7df04437aeb418b961361dc5, type: 3}
  m_Name: 
  m_EditorClassIdentifier: 
  m_Material: {fileID: 0}
  m_Color: {r: 1, g: 1, b: 1, a: 1}
  m_RaycastTarget: 1
  m_OnCullStateChanged:
    m_PersistentCalls:
      m_Calls: []
  m_text: Try another one NOW!
  m_isRightToLeft: 0
  m_fontAsset: {fileID: 11400000, guid: e877f134e4896a249934ad13637bfedf, type: 2}
  m_sharedMaterial: {fileID: -815530770133522777, guid: e877f134e4896a249934ad13637bfedf,
    type: 2}
  m_fontSharedMaterials: []
  m_fontMaterial: {fileID: 0}
  m_fontMaterials: []
  m_fontColor32:
    serializedVersion: 2
    rgba: 4281614673
  m_fontColor: {r: 0.3207547, g: 0.25591213, b: 0.20728016, a: 1}
  m_enableVertexGradient: 0
  m_colorMode: 3
  m_fontColorGradient:
    topLeft: {r: 1, g: 1, b: 1, a: 1}
    topRight: {r: 1, g: 1, b: 1, a: 1}
    bottomLeft: {r: 1, g: 1, b: 1, a: 1}
    bottomRight: {r: 1, g: 1, b: 1, a: 1}
  m_fontColorGradientPreset: {fileID: 0}
  m_spriteAsset: {fileID: 0}
  m_tintAllSprites: 0
  m_overrideHtmlColors: 0
  m_faceColor:
    serializedVersion: 2
    rgba: 4294967295
  m_outlineColor:
    serializedVersion: 2
    rgba: 4278190080
  m_fontSize: 114
  m_fontSizeBase: 36
  m_fontWeight: 400
  m_enableAutoSizing: 1
  m_fontSizeMin: 18
  m_fontSizeMax: 118.8
  m_fontStyle: 0
  m_textAlignment: 258
  m_characterSpacing: 0
  m_wordSpacing: 0
  m_lineSpacing: 0
  m_lineSpacingMax: 0
  m_paragraphSpacing: 0
  m_charWidthMaxAdj: 0
  m_enableWordWrapping: 1
  m_wordWrappingRatios: 0.4
  m_overflowMode: 0
  m_firstOverflowCharacterIndex: -1
  m_linkedTextComponent: {fileID: 0}
  m_isLinkedTextComponent: 0
  m_isTextTruncated: 0
  m_enableKerning: 1
  m_enableExtraPadding: 0
  checkPaddingRequired: 0
  m_isRichText: 1
  m_parseCtrlCharacters: 1
  m_isOrthographic: 1
  m_isCullingEnabled: 0
  m_ignoreRectMaskCulling: 0
  m_ignoreCulling: 1
  m_horizontalMapping: 0
  m_verticalMapping: 0
  m_uvLineOffset: 0
  m_geometrySortingOrder: 0
  m_VertexBufferAutoSizeReduction: 1
  m_firstVisibleCharacter: 0
  m_useMaxVisibleDescender: 1
  m_pageToDisplay: 1
  m_margin: {x: 0, y: 0, z: 0, w: 0}
  m_textInfo:
    textComponent: {fileID: 6132962461006842995}
    characterCount: 20
    spriteCount: 0
    spaceCount: 3
    wordCount: 4
    linkCount: 0
    lineCount: 2
    pageCount: 1
    materialCount: 1
  m_isUsingLegacyAnimationComponent: 0
  m_isVolumetricText: 0
  m_spriteAnimator: {fileID: 0}
  m_hasFontAssetChanged: 0
  m_subTextObjects:
  - {fileID: 0}
  - {fileID: 0}
  - {fileID: 0}
  - {fileID: 0}
  - {fileID: 0}
  - {fileID: 0}
  - {fileID: 0}
  - {fileID: 0}
  m_baseMaterial: {fileID: 0}
  m_maskOffset: {x: 0, y: 0, z: 0, w: 0}
--- !u!1001 &3607112315216999895
PrefabInstance:
  m_ObjectHideFlags: 0
  serializedVersion: 2
  m_Modification:
    m_TransformParent: {fileID: 6132962460661153810}
    m_Modifications:
    - target: {fileID: 7427457605617610066, guid: 3a098098b475f6248938d66e53875612,
        type: 3}
      propertyPath: m_Delegates.Array.data[0].callback.m_PersistentCalls.m_Calls.Array.size
      value: 1
      objectReference: {fileID: 0}
    - target: {fileID: 7427457605617610066, guid: 3a098098b475f6248938d66e53875612,
        type: 3}
      propertyPath: m_Delegates.Array.data[1].callback.m_PersistentCalls.m_Calls.Array.size
      value: 2
      objectReference: {fileID: 0}
    - target: {fileID: 7427457605617610066, guid: 3a098098b475f6248938d66e53875612,
        type: 3}
      propertyPath: m_Delegates.Array.data[0].callback.m_PersistentCalls.m_Calls.Array.data[0].m_Target
      value: 
      objectReference: {fileID: 3327103340724116789}
    - target: {fileID: 7427457605617610066, guid: 3a098098b475f6248938d66e53875612,
        type: 3}
      propertyPath: m_Delegates.Array.data[0].callback.m_PersistentCalls.m_Calls.Array.data[0].m_MethodName
      value: Play
      objectReference: {fileID: 0}
    - target: {fileID: 7427457605617610066, guid: 3a098098b475f6248938d66e53875612,
        type: 3}
      propertyPath: m_Delegates.Array.data[0].callback.m_PersistentCalls.m_Calls.Array.data[0].m_Mode
      value: 5
      objectReference: {fileID: 0}
    - target: {fileID: 7427457605617610066, guid: 3a098098b475f6248938d66e53875612,
        type: 3}
      propertyPath: m_Delegates.Array.data[0].callback.m_PersistentCalls.m_Calls.Array.data[0].m_Arguments.m_ObjectArgumentAssemblyTypeName
      value: UnityEngine.Object, UnityEngine
      objectReference: {fileID: 0}
    - target: {fileID: 7427457605617610066, guid: 3a098098b475f6248938d66e53875612,
        type: 3}
      propertyPath: m_Delegates.Array.data[0].callback.m_PersistentCalls.m_Calls.Array.data[0].m_Arguments.m_StringArgument
      value: Pressed
      objectReference: {fileID: 0}
    - target: {fileID: 7427457605617610066, guid: 3a098098b475f6248938d66e53875612,
        type: 3}
      propertyPath: m_Delegates.Array.data[0].callback.m_PersistentCalls.m_Calls.Array.data[0].m_CallState
      value: 2
      objectReference: {fileID: 0}
    - target: {fileID: 7427457605617610066, guid: 3a098098b475f6248938d66e53875612,
        type: 3}
      propertyPath: m_Delegates.Array.data[1].callback.m_PersistentCalls.m_Calls.Array.data[0].m_Target
      value: 
      objectReference: {fileID: 3327103340724116789}
    - target: {fileID: 7427457605617610066, guid: 3a098098b475f6248938d66e53875612,
        type: 3}
      propertyPath: m_Delegates.Array.data[1].callback.m_PersistentCalls.m_Calls.Array.data[0].m_MethodName
      value: Play
      objectReference: {fileID: 0}
    - target: {fileID: 7427457605617610066, guid: 3a098098b475f6248938d66e53875612,
        type: 3}
      propertyPath: m_Delegates.Array.data[1].callback.m_PersistentCalls.m_Calls.Array.data[0].m_Mode
      value: 5
      objectReference: {fileID: 0}
    - target: {fileID: 7427457605617610066, guid: 3a098098b475f6248938d66e53875612,
        type: 3}
      propertyPath: m_Delegates.Array.data[1].callback.m_PersistentCalls.m_Calls.Array.data[0].m_Arguments.m_ObjectArgumentAssemblyTypeName
      value: UnityEngine.Object, UnityEngine
      objectReference: {fileID: 0}
    - target: {fileID: 7427457605617610066, guid: 3a098098b475f6248938d66e53875612,
        type: 3}
      propertyPath: m_Delegates.Array.data[1].callback.m_PersistentCalls.m_Calls.Array.data[0].m_Arguments.m_StringArgument
      value: Idle
      objectReference: {fileID: 0}
    - target: {fileID: 7427457605617610066, guid: 3a098098b475f6248938d66e53875612,
        type: 3}
      propertyPath: m_Delegates.Array.data[1].callback.m_PersistentCalls.m_Calls.Array.data[0].m_CallState
      value: 2
      objectReference: {fileID: 0}
    - target: {fileID: 7427457605617610066, guid: 3a098098b475f6248938d66e53875612,
        type: 3}
      propertyPath: m_Delegates.Array.data[1].callback.m_PersistentCalls.m_Calls.Array.data[1].m_MethodName
      value: ButtonStart
      objectReference: {fileID: 0}
    - target: {fileID: 7427457605617610066, guid: 3a098098b475f6248938d66e53875612,
        type: 3}
      propertyPath: m_Delegates.Array.data[1].callback.m_PersistentCalls.m_Calls.Array.data[1].m_Mode
      value: 1
      objectReference: {fileID: 0}
    - target: {fileID: 7427457605617610066, guid: 3a098098b475f6248938d66e53875612,
        type: 3}
      propertyPath: m_Delegates.Array.data[1].callback.m_PersistentCalls.m_Calls.Array.data[1].m_Arguments.m_ObjectArgumentAssemblyTypeName
      value: UnityEngine.Object, UnityEngine
      objectReference: {fileID: 0}
    - target: {fileID: 7427457605617610066, guid: 3a098098b475f6248938d66e53875612,
        type: 3}
      propertyPath: m_Delegates.Array.data[1].callback.m_PersistentCalls.m_Calls.Array.data[1].m_CallState
      value: 2
      objectReference: {fileID: 0}
    - target: {fileID: 7427457605617610073, guid: 3a098098b475f6248938d66e53875612,
        type: 3}
      propertyPath: m_Name
      value: Button Leave
      objectReference: {fileID: 0}
    - target: {fileID: 7427457605617610078, guid: 3a098098b475f6248938d66e53875612,
        type: 3}
      propertyPath: m_LocalPosition.x
      value: 0
      objectReference: {fileID: 0}
    - target: {fileID: 7427457605617610078, guid: 3a098098b475f6248938d66e53875612,
        type: 3}
      propertyPath: m_LocalPosition.y
      value: 0
      objectReference: {fileID: 0}
    - target: {fileID: 7427457605617610078, guid: 3a098098b475f6248938d66e53875612,
        type: 3}
      propertyPath: m_LocalPosition.z
      value: 0
      objectReference: {fileID: 0}
    - target: {fileID: 7427457605617610078, guid: 3a098098b475f6248938d66e53875612,
        type: 3}
      propertyPath: m_LocalRotation.x
      value: -0
      objectReference: {fileID: 0}
    - target: {fileID: 7427457605617610078, guid: 3a098098b475f6248938d66e53875612,
        type: 3}
      propertyPath: m_LocalRotation.y
      value: -0
      objectReference: {fileID: 0}
    - target: {fileID: 7427457605617610078, guid: 3a098098b475f6248938d66e53875612,
        type: 3}
      propertyPath: m_LocalRotation.z
      value: -0
      objectReference: {fileID: 0}
    - target: {fileID: 7427457605617610078, guid: 3a098098b475f6248938d66e53875612,
        type: 3}
      propertyPath: m_LocalRotation.w
      value: 1
      objectReference: {fileID: 0}
    - target: {fileID: 7427457605617610078, guid: 3a098098b475f6248938d66e53875612,
        type: 3}
      propertyPath: m_RootOrder
      value: 4
      objectReference: {fileID: 0}
    - target: {fileID: 7427457605617610078, guid: 3a098098b475f6248938d66e53875612,
        type: 3}
      propertyPath: m_LocalEulerAnglesHint.x
      value: 0
      objectReference: {fileID: 0}
    - target: {fileID: 7427457605617610078, guid: 3a098098b475f6248938d66e53875612,
        type: 3}
      propertyPath: m_LocalEulerAnglesHint.y
      value: 0
      objectReference: {fileID: 0}
    - target: {fileID: 7427457605617610078, guid: 3a098098b475f6248938d66e53875612,
        type: 3}
      propertyPath: m_LocalEulerAnglesHint.z
      value: 0
      objectReference: {fileID: 0}
    - target: {fileID: 7427457605617610078, guid: 3a098098b475f6248938d66e53875612,
        type: 3}
      propertyPath: m_AnchoredPosition.x
      value: 209
      objectReference: {fileID: 0}
    - target: {fileID: 7427457605617610078, guid: 3a098098b475f6248938d66e53875612,
        type: 3}
      propertyPath: m_AnchoredPosition.y
      value: -377
      objectReference: {fileID: 0}
    - target: {fileID: 7427457605617610078, guid: 3a098098b475f6248938d66e53875612,
        type: 3}
      propertyPath: m_SizeDelta.x
      value: 300
      objectReference: {fileID: 0}
    - target: {fileID: 7427457605617610078, guid: 3a098098b475f6248938d66e53875612,
        type: 3}
      propertyPath: m_SizeDelta.y
      value: 200
      objectReference: {fileID: 0}
    - target: {fileID: 7427457605617610078, guid: 3a098098b475f6248938d66e53875612,
        type: 3}
      propertyPath: m_AnchorMin.x
      value: 0
      objectReference: {fileID: 0}
    - target: {fileID: 7427457605617610078, guid: 3a098098b475f6248938d66e53875612,
        type: 3}
      propertyPath: m_AnchorMin.y
      value: 1
      objectReference: {fileID: 0}
    - target: {fileID: 7427457605617610078, guid: 3a098098b475f6248938d66e53875612,
        type: 3}
      propertyPath: m_AnchorMax.x
      value: 0
      objectReference: {fileID: 0}
    - target: {fileID: 7427457605617610078, guid: 3a098098b475f6248938d66e53875612,
        type: 3}
      propertyPath: m_AnchorMax.y
      value: 1
      objectReference: {fileID: 0}
    - target: {fileID: 7427457605617610078, guid: 3a098098b475f6248938d66e53875612,
        type: 3}
      propertyPath: m_Pivot.x
      value: 0.5
      objectReference: {fileID: 0}
    - target: {fileID: 7427457605617610078, guid: 3a098098b475f6248938d66e53875612,
        type: 3}
      propertyPath: m_Pivot.y
      value: 0.5
      objectReference: {fileID: 0}
    - target: {fileID: 7427457607563564500, guid: 3a098098b475f6248938d66e53875612,
        type: 3}
      propertyPath: m_text
      value: Leave
      objectReference: {fileID: 0}
    - target: {fileID: 7427457607563564500, guid: 3a098098b475f6248938d66e53875612,
        type: 3}
      propertyPath: m_fontSize
      value: 69.1
      objectReference: {fileID: 0}
    - target: {fileID: 7427457607563564503, guid: 3a098098b475f6248938d66e53875612,
        type: 3}
      propertyPath: m_AnchoredPosition.y
      value: 9.6
      objectReference: {fileID: 0}
    - target: {fileID: 7427457607563564503, guid: 3a098098b475f6248938d66e53875612,
        type: 3}
      propertyPath: m_SizeDelta.y
      value: -130.9
      objectReference: {fileID: 0}
    m_RemovedComponents: []
  m_SourcePrefab: {fileID: 100100000, guid: 3a098098b475f6248938d66e53875612, type: 3}
--- !u!224 &6132962460022233225 stripped
RectTransform:
  m_CorrespondingSourceObject: {fileID: 7427457605617610078, guid: 3a098098b475f6248938d66e53875612,
    type: 3}
  m_PrefabInstance: {fileID: 3607112315216999895}
  m_PrefabAsset: {fileID: 0}
--- !u!95 &3327103340724116789 stripped
Animator:
  m_CorrespondingSourceObject: {fileID: 2027525100954347746, guid: 3a098098b475f6248938d66e53875612,
    type: 3}
  m_PrefabInstance: {fileID: 3607112315216999895}
  m_PrefabAsset: {fileID: 0}
--- !u!1001 &6132962459931435824
PrefabInstance:
  m_ObjectHideFlags: 0
  serializedVersion: 2
  m_Modification:
    m_TransformParent: {fileID: 6132962460661153810}
    m_Modifications:
    - target: {fileID: 7427457605617610066, guid: 3a098098b475f6248938d66e53875612,
        type: 3}
      propertyPath: m_Delegates.Array.data[0].callback.m_PersistentCalls.m_Calls.Array.size
      value: 1
      objectReference: {fileID: 0}
    - target: {fileID: 7427457605617610066, guid: 3a098098b475f6248938d66e53875612,
        type: 3}
      propertyPath: m_Delegates.Array.data[1].callback.m_PersistentCalls.m_Calls.Array.size
      value: 2
      objectReference: {fileID: 0}
    - target: {fileID: 7427457605617610066, guid: 3a098098b475f6248938d66e53875612,
        type: 3}
      propertyPath: m_Delegates.Array.data[0].callback.m_PersistentCalls.m_Calls.Array.data[0].m_Target
      value: 
      objectReference: {fileID: 5278112708902161362}
    - target: {fileID: 7427457605617610066, guid: 3a098098b475f6248938d66e53875612,
        type: 3}
      propertyPath: m_Delegates.Array.data[0].callback.m_PersistentCalls.m_Calls.Array.data[0].m_MethodName
      value: Play
      objectReference: {fileID: 0}
    - target: {fileID: 7427457605617610066, guid: 3a098098b475f6248938d66e53875612,
        type: 3}
      propertyPath: m_Delegates.Array.data[0].callback.m_PersistentCalls.m_Calls.Array.data[0].m_Mode
      value: 5
      objectReference: {fileID: 0}
    - target: {fileID: 7427457605617610066, guid: 3a098098b475f6248938d66e53875612,
        type: 3}
      propertyPath: m_Delegates.Array.data[0].callback.m_PersistentCalls.m_Calls.Array.data[0].m_Arguments.m_ObjectArgumentAssemblyTypeName
      value: UnityEngine.Object, UnityEngine
      objectReference: {fileID: 0}
    - target: {fileID: 7427457605617610066, guid: 3a098098b475f6248938d66e53875612,
        type: 3}
      propertyPath: m_Delegates.Array.data[0].callback.m_PersistentCalls.m_Calls.Array.data[0].m_Arguments.m_StringArgument
      value: Pressed
      objectReference: {fileID: 0}
    - target: {fileID: 7427457605617610066, guid: 3a098098b475f6248938d66e53875612,
        type: 3}
      propertyPath: m_Delegates.Array.data[0].callback.m_PersistentCalls.m_Calls.Array.data[0].m_CallState
      value: 2
      objectReference: {fileID: 0}
    - target: {fileID: 7427457605617610066, guid: 3a098098b475f6248938d66e53875612,
        type: 3}
      propertyPath: m_Delegates.Array.data[1].callback.m_PersistentCalls.m_Calls.Array.data[0].m_Target
      value: 
      objectReference: {fileID: 5278112708902161362}
    - target: {fileID: 7427457605617610066, guid: 3a098098b475f6248938d66e53875612,
        type: 3}
      propertyPath: m_Delegates.Array.data[1].callback.m_PersistentCalls.m_Calls.Array.data[0].m_MethodName
      value: Play
      objectReference: {fileID: 0}
    - target: {fileID: 7427457605617610066, guid: 3a098098b475f6248938d66e53875612,
        type: 3}
      propertyPath: m_Delegates.Array.data[1].callback.m_PersistentCalls.m_Calls.Array.data[0].m_Mode
      value: 5
      objectReference: {fileID: 0}
    - target: {fileID: 7427457605617610066, guid: 3a098098b475f6248938d66e53875612,
        type: 3}
      propertyPath: m_Delegates.Array.data[1].callback.m_PersistentCalls.m_Calls.Array.data[0].m_Arguments.m_ObjectArgumentAssemblyTypeName
      value: UnityEngine.Object, UnityEngine
      objectReference: {fileID: 0}
    - target: {fileID: 7427457605617610066, guid: 3a098098b475f6248938d66e53875612,
        type: 3}
      propertyPath: m_Delegates.Array.data[1].callback.m_PersistentCalls.m_Calls.Array.data[0].m_Arguments.m_StringArgument
      value: Idle
      objectReference: {fileID: 0}
    - target: {fileID: 7427457605617610066, guid: 3a098098b475f6248938d66e53875612,
        type: 3}
      propertyPath: m_Delegates.Array.data[1].callback.m_PersistentCalls.m_Calls.Array.data[0].m_CallState
      value: 2
      objectReference: {fileID: 0}
    - target: {fileID: 7427457605617610066, guid: 3a098098b475f6248938d66e53875612,
        type: 3}
      propertyPath: m_Delegates.Array.data[1].callback.m_PersistentCalls.m_Calls.Array.data[1].m_MethodName
      value: ButtonStart
      objectReference: {fileID: 0}
    - target: {fileID: 7427457605617610066, guid: 3a098098b475f6248938d66e53875612,
        type: 3}
      propertyPath: m_Delegates.Array.data[1].callback.m_PersistentCalls.m_Calls.Array.data[1].m_Mode
      value: 1
      objectReference: {fileID: 0}
    - target: {fileID: 7427457605617610066, guid: 3a098098b475f6248938d66e53875612,
        type: 3}
      propertyPath: m_Delegates.Array.data[1].callback.m_PersistentCalls.m_Calls.Array.data[1].m_Arguments.m_ObjectArgumentAssemblyTypeName
      value: UnityEngine.Object, UnityEngine
      objectReference: {fileID: 0}
    - target: {fileID: 7427457605617610066, guid: 3a098098b475f6248938d66e53875612,
        type: 3}
      propertyPath: m_Delegates.Array.data[1].callback.m_PersistentCalls.m_Calls.Array.data[1].m_CallState
      value: 2
      objectReference: {fileID: 0}
    - target: {fileID: 7427457605617610073, guid: 3a098098b475f6248938d66e53875612,
        type: 3}
      propertyPath: m_Name
      value: Button Restart
      objectReference: {fileID: 0}
    - target: {fileID: 7427457605617610078, guid: 3a098098b475f6248938d66e53875612,
        type: 3}
      propertyPath: m_LocalPosition.x
      value: 0
      objectReference: {fileID: 0}
    - target: {fileID: 7427457605617610078, guid: 3a098098b475f6248938d66e53875612,
        type: 3}
      propertyPath: m_LocalPosition.y
      value: 0
      objectReference: {fileID: 0}
    - target: {fileID: 7427457605617610078, guid: 3a098098b475f6248938d66e53875612,
        type: 3}
      propertyPath: m_LocalPosition.z
      value: 0
      objectReference: {fileID: 0}
    - target: {fileID: 7427457605617610078, guid: 3a098098b475f6248938d66e53875612,
        type: 3}
      propertyPath: m_LocalRotation.x
      value: -0
      objectReference: {fileID: 0}
    - target: {fileID: 7427457605617610078, guid: 3a098098b475f6248938d66e53875612,
        type: 3}
      propertyPath: m_LocalRotation.y
      value: -0
      objectReference: {fileID: 0}
    - target: {fileID: 7427457605617610078, guid: 3a098098b475f6248938d66e53875612,
        type: 3}
      propertyPath: m_LocalRotation.z
      value: -0
      objectReference: {fileID: 0}
    - target: {fileID: 7427457605617610078, guid: 3a098098b475f6248938d66e53875612,
        type: 3}
      propertyPath: m_LocalRotation.w
      value: 1
      objectReference: {fileID: 0}
    - target: {fileID: 7427457605617610078, guid: 3a098098b475f6248938d66e53875612,
        type: 3}
      propertyPath: m_RootOrder
      value: 5
      objectReference: {fileID: 0}
    - target: {fileID: 7427457605617610078, guid: 3a098098b475f6248938d66e53875612,
        type: 3}
      propertyPath: m_LocalEulerAnglesHint.x
      value: 0
      objectReference: {fileID: 0}
    - target: {fileID: 7427457605617610078, guid: 3a098098b475f6248938d66e53875612,
        type: 3}
      propertyPath: m_LocalEulerAnglesHint.y
      value: 0
      objectReference: {fileID: 0}
    - target: {fileID: 7427457605617610078, guid: 3a098098b475f6248938d66e53875612,
        type: 3}
      propertyPath: m_LocalEulerAnglesHint.z
      value: 0
      objectReference: {fileID: 0}
    - target: {fileID: 7427457605617610078, guid: 3a098098b475f6248938d66e53875612,
        type: 3}
      propertyPath: m_AnchoredPosition.x
      value: 509
      objectReference: {fileID: 0}
    - target: {fileID: 7427457605617610078, guid: 3a098098b475f6248938d66e53875612,
        type: 3}
      propertyPath: m_AnchoredPosition.y
      value: -377
      objectReference: {fileID: 0}
    - target: {fileID: 7427457605617610078, guid: 3a098098b475f6248938d66e53875612,
        type: 3}
      propertyPath: m_SizeDelta.x
      value: 300
      objectReference: {fileID: 0}
    - target: {fileID: 7427457605617610078, guid: 3a098098b475f6248938d66e53875612,
        type: 3}
      propertyPath: m_SizeDelta.y
      value: 200
      objectReference: {fileID: 0}
    - target: {fileID: 7427457605617610078, guid: 3a098098b475f6248938d66e53875612,
        type: 3}
      propertyPath: m_AnchorMin.x
      value: 0
      objectReference: {fileID: 0}
    - target: {fileID: 7427457605617610078, guid: 3a098098b475f6248938d66e53875612,
        type: 3}
      propertyPath: m_AnchorMin.y
      value: 1
      objectReference: {fileID: 0}
    - target: {fileID: 7427457605617610078, guid: 3a098098b475f6248938d66e53875612,
        type: 3}
      propertyPath: m_AnchorMax.x
      value: 0
      objectReference: {fileID: 0}
    - target: {fileID: 7427457605617610078, guid: 3a098098b475f6248938d66e53875612,
        type: 3}
      propertyPath: m_AnchorMax.y
      value: 1
      objectReference: {fileID: 0}
    - target: {fileID: 7427457605617610078, guid: 3a098098b475f6248938d66e53875612,
        type: 3}
      propertyPath: m_Pivot.x
      value: 0.5
      objectReference: {fileID: 0}
    - target: {fileID: 7427457605617610078, guid: 3a098098b475f6248938d66e53875612,
        type: 3}
      propertyPath: m_Pivot.y
      value: 0.5
      objectReference: {fileID: 0}
    - target: {fileID: 7427457607563564500, guid: 3a098098b475f6248938d66e53875612,
        type: 3}
      propertyPath: m_text
      value: 'Restart

'
      objectReference: {fileID: 0}
    - target: {fileID: 7427457607563564500, guid: 3a098098b475f6248938d66e53875612,
        type: 3}
      propertyPath: m_fontSize
      value: 69.1
      objectReference: {fileID: 0}
    - target: {fileID: 7427457607563564500, guid: 3a098098b475f6248938d66e53875612,
        type: 3}
      propertyPath: m_textInfo.characterCount
      value: 8
      objectReference: {fileID: 0}
    - target: {fileID: 7427457607563564500, guid: 3a098098b475f6248938d66e53875612,
        type: 3}
      propertyPath: m_textInfo.spaceCount
      value: 1
      objectReference: {fileID: 0}
    - target: {fileID: 7427457607563564503, guid: 3a098098b475f6248938d66e53875612,
        type: 3}
      propertyPath: m_AnchoredPosition.y
      value: 9.6
      objectReference: {fileID: 0}
    - target: {fileID: 7427457607563564503, guid: 3a098098b475f6248938d66e53875612,
        type: 3}
      propertyPath: m_SizeDelta.y
      value: -130.9
      objectReference: {fileID: 0}
    m_RemovedComponents: []
  m_SourcePrefab: {fileID: 100100000, guid: 3a098098b475f6248938d66e53875612, type: 3}
--- !u!224 &3607112315026574958 stripped
RectTransform:
  m_CorrespondingSourceObject: {fileID: 7427457605617610078, guid: 3a098098b475f6248938d66e53875612,
    type: 3}
  m_PrefabInstance: {fileID: 6132962459931435824}
  m_PrefabAsset: {fileID: 0}
--- !u!95 &5278112708902161362 stripped
Animator:
  m_CorrespondingSourceObject: {fileID: 2027525100954347746, guid: 3a098098b475f6248938d66e53875612,
    type: 3}
  m_PrefabInstance: {fileID: 6132962459931435824}
  m_PrefabAsset: {fileID: 0}
